
@REPORT{1,author={Mustafa S. Al-Ghafli},title={{Programming sirit 610 notes}}, year={2012}}
@REPORT{2,author={Yazan Hlayel, Mohammad Makkawi, Rami Rustom, Turki Al-Mutawa},title={{Handicapped Parking Project for COE 424}}, year={2014}}
@REPORT{3,author={Real-time locating system},title={{https://en.wikipedia.org/wiki/Real-time\_locating\_system}}, year={2015}}
@REPORT{4,author={Clarinox Technologies Pty Ltd.},title={{http://www.clarinox.com/docs/whitepapers/RealTime\_main.pdf}}, year={2009}}


