
@ARTICLE{1,author={Mustafa S. Al-Ghafli},title={{Programming sirit 610 notes}}, year={2012}}

\bibitem{parking} Yazan Hlayel, Mohammad Makkawi, Rami Rustom, Turki Al-Mutawa {\em Handicapped Parking Project for COE 424} 2014.

% @ARTICLE{893287,
% author={},
% journal={IEEE Std. 1516-2000},
%
%
% volume={},
% pages={i -22},
% doi={10.1109/IEEESTD.2000.92296},
% }

